@Article{www-theshockbox-com,
  author  = {D. Crossman and J.E. Bailes MD and others},
  title   = {Monitoring of Higher Magnitude Head Impact Exposure in Youth and High School Football Players},
  year    = {2014},
  volume  = {1},
  number  = {1},
  pages   = {1-4},
  comment = {Manufacturer research performed by Impakt Protective Inc. Ontario, Canada},
  url     = {http://www.theshockbox.com/shockbox-research-in-youth-football/},
}

@Misc{www-sportsonearth-com,
  author       = {Patrick Hruby},
  title        = {Facing The Truth},
  howpublished = {Website},
  month        = {may},
  year         = {2014},
  comment      = {Sports information website},
  url          = {http://www.sportsonearth.com/article/75487104/football-concussions-traumatic-brain-injuries-nfl},
}

@Article{www-cdc-gov,
  author  = {Christopher A. Taylor and Jeneita M. Bell and others},
  title   = {Traumatic Brain Injury - Related Emergency Department Visits, Hospitalizations, and Death - United States, 2007 and 2013},
  year    = {2017},
  volume  = {66},
  number  = {9},
  pages   = {1-16},
  month   = {march},
  comment = {Surveillence Summaries/March 17, 2017},
  doi     = {http://dx.doi.org/10.15585/mmwr.ss6609a1},
  url     = {https://www.cdc.gov/mmwr/volumes/66/ss/ss6609a1.htm},
}

@Misc{www-apa-org,
  author       = {Jared Clark},
  title        = {Concussions spell double trouble for soldiers},
  howpublished = {Website},
  month        = {nov},
  year         = {2010},
  url          = {http://www.apa.org/gradpsych/2010/11/research.aspx},
}

@InCollection{www-catalog-data-gov,
  author  = {Department of Veterans Affais},
  title   = {Mild TBI Diagnosis and Managment Strategies: Implications for Assessment \& Treatment in Veterans and VA's TBI Screening and Evaluation Program},
  year    = {2016},
  editor  = {Department of Veterans Affairs},
  comment = {JSON datasets},
  doi     = {Federal Goverment},
  url     = {https://catalog.data.gov/dataset?collection_package_id=32c3e362-90ae-4cf4-8672-9b5074b60d5e},
}



