@Article{www-futuremedicine-com,
  author = {Denes V Agoston \& Dianne Langford},
  title  = {Big Data in traumatic brain injury; promise and challenges},
  year   = {2017},
  month  = may,
  url    = {https://www.futuremedicine.com/doi/10.2217/cnc-2016-0013},
}

@Misc{www-eptechview-tthuhsc-edu,
  author       = {Admin},
  title        = {Med Students Build Smart Helmet to Detect Concussions},
  howpublished = {Online},
  month        = aug,
  year         = {2016},
  note         = {Texas Tech University Health Sciences Center El Paso (administrative post)},
  url          = {http://eptechview.ttuhsc.edu/ttuhsc-el-paso/med-students-build-smart-helmet-to-detect-concussions-2/},
}

@Misc{www-zdnet-com,
  author       = {Jordan Davidson},
  title        = {NFL taps big data to study concussions, but major game changes far off},
  howpublished = {Online},
  month        = aug,
  year         = {2015},
  note         = {Published for Between the Lines},
  url          = {http://www.zdnet.com/article/nfl-big-data-concussions-innovation-results-a-way-away/},
}

@Misc{www-dataversity-net,
  author       = {Jelani Harper},
  title        = {The Evolution of Big Data to Smart Data},
  howpublished = {Online},
  month        = may,
  year         = {2015},
  note         = {via Dataversity website},
  url          = {http://www.dataversity.net/the-evolution-of-big-data-to-smart-data/},
}

@Article{www-jsonline-com,
  author  = {Karen Herzog},
  title   = {UW student use 'smart' technology in football helmets to detect injuries},
  journal = {Journal Sentinel (Milwaukee - Wisconsin)},
  year    = {2014},
  month   = dec,
  url     = {http://archive.jsonline.com/news/education/uw-students-use-smart-technology-in-football-helmets-to-detect-injuries-b99406965z1-286178071.html},
}

@Misc{www-designworldonline-com,
  author       = {Natasha Townsend},
  title        = {Engineering and Concussion Reduction Therapy (CRT)},
  howpublished = {online},
  month        = feb,
  year         = {2013},
  note         = {via Design World website},
  url          = {http://www.designworldonline.com/engineering-and-concussion-reduction-therapy-crt/},
}


