% Encoding: UTF-8

@Misc{www.cacm.acm.org,
  author       = {Longbing Cao},
  title        = {Data Science: Challenges and Directions},
  howpublished = {Magazine},
  month        = aug,
  year         = {2017},
  doi          = {Communications of the ACM (Assoc. Communication Machinery)},
  url          = {https://cacm.acm.org/magazines/2017/8/219605-data-science/fulltext},
}

@Misc{www.systemid.com,
  author       = {Jay Schofield},
  title        = {Big Data Challenges Wireless Networks, CIOs},
  howpublished = {Webpage},
  month        = feb,
  year         = {2015},
  doi          = {System_id},
  url          = {http://www.systemid.com/learn/big-data-challenges-wireless-networks-cios/},
}

@Misc{www.techcrunch.com,
  author       = {Semil Shah},
  title        = {The WhatsApp Effect},
  howpublished = {Webpage},
  month        = mar,
  year         = {2014},
  doi          = {Tech Crunch},
  url          = {https://techcrunch.com/2014/03/02/the-whatsapp-effect/},
}

@TechReport{,
  author  = {White Paper - Global Mobile Data Traffic Forecast},
  title   = {Cisco - Visual Networking Index: Global Mobile Data Traffice Forecast Update, 2016 - 2021 White Paper},
  year    = {2017},
  comment = {This is an ongoing Forecast typically updated in February of each year. However, it's a living breathing document with the latest updates in March, 2017.},
  doi     = {Cisco},
  review  = {This "highlights tool" makes managing the forecast more user friendly.

https://www.cisco.com/c/m/en_us/solutions/service-provider/vni-forecast-highlights.html},
  url     = {https://www.cisco.com/c/en/us/solutions/collateral/service-provider/visual-networking-index-vni/mobile-white-paper-c11-520862.html},
}

@Comment{jabref-meta: databaseType:bibtex;}
